@article{ziegler2008estimating,
	author = {Ziegler-Graham, K. and MacKenzie, E.J. and Ephraim, P.L. and Travison, T.G. and Brookmeyer, R.},
	journal = {Archives of Physical Medicine and Rehabilitation},
	doi = {10.1016/j.apmr.2007.11.005},
	number = {3},
	year = {2008},
	pages = {422--429},
	title = {Estimating the prevalence of limb loss in the {United} {States}: 2005 to 2050},
	url = {https://doi.org/10.1016/j.apmr.2007.11.005},
	howpublished = {https://doi.org/10.1016/j.apmr.2007.11.005},
	volume = {89},
}


@article{rivera2024estimating,
	author = {Rivera, J.A. and Churovich, K. and Anderson, A.B. and Potter, B.K.},
	journal = {Archives of Rehabilitation Research and Clinical Translation},
	doi = {10.1016/j.arrct.2024.100376},
	number = {4},
	year = {2024},
	pages = {100376},
	title = {Estimating recent {US} limb loss prevalence and updating future projections},
	url = {https://doi.org/10.1016/j.arrct.2024.100376},
	howpublished = {https://doi.org/10.1016/j.arrct.2024.100376},
	volume = {6},
}


@article{maat2018passive,
	author = {Maat, B. and Smit, G. and Plettenburg, D. and Breedveld, P.},
	journal = {Prosthetics and Orthotics International},
	doi = {10.1177/0309364617691622},
	number = {1},
	year = {2018},
	pages = {66--74},
	title = {Passive prosthetic hands and tools: A literature review},
	url = {https://doi.org/10.1177/0309364617691622},
	howpublished = {https://doi.org/10.1177/0309364617691622},
	volume = {42},
}


@article{ten20173d,
	author = {{ten Kate, J. and Smit, G. and Breedveld, P.}},
	journal = {Disability and Rehabilitation: Assistive Technology},
	doi = {10.1080/17483107.2016.1253117},
	number = {3},
	year = {2017},
	pages = {300--314},
	title = {3D-printed upper limb prostheses: a review},
	url = {https://doi.org/10.1080/17483107.2016.1253117},
	howpublished = {https://doi.org/10.1080/17483107.2016.1253117},
	volume = {12},
}


@article{geethanjali2016myoelectric,
	author = {Geethanjali, P.},
	journal = {Medical Devices: Evidence and Research},
	doi = {10.2147/MDER.S91102},
	year = {2016},
	pages = {247--255},
	title = {Myoelectric control of prosthetic hands: state-of-the-art review},
	url = {https://doi.org/10.2147/MDER.S91102},
	howpublished = {https://doi.org/10.2147/MDER.S91102},
}


@article{iqbal2018review,
	author = {Iqbal, N.V. and Subramaniam, K. and P., S.A.},
	journal = {IETE Journal of Research},
	doi = {10.1080/03772063.2017.1381047},
	number = {6},
	year = {2018},
	pages = {740--752},
	title = {A review on upper-limb myoelectric prosthetic control},
	url = {https://doi.org/10.1080/03772063.2017.1381047},
	howpublished = {https://doi.org/10.1080/03772063.2017.1381047},
	volume = {64},
}


@article{igual2019myoelectric,
	author = {Igual, C. and Pardo Jr, L.A. and Hahne, J.M. and Igual, J.},
	journal = {Electronics},
	doi = {10.3390/electronics8111244},
	number = {11},
	year = {2019},
	pages = {1244},
	title = {Myoelectric control for upper limb prostheses},
	url = {https://doi.org/10.3390/electronics8111244},
	howpublished = {https://doi.org/10.3390/electronics8111244},
	volume = {8},
}


@article{Krasoulis_2020,
	author = {Krasoulis, Agamemnon and Nazarpour, Kianoush},
	journal = {Scientific Reports},
	doi = {10.1038/s41598-020-72574-7},
	issn = {2045-2322},
	number = {1},
	year = {2020},
	month = {10},
	publisher = {Springer Science},
	title = {Myoelectric digit action decoding with multi-output, multi-class classification: an offline analysis},
	url = {http://dx.doi.org/10.1038/s41598-020-72574-7},
	volume = {10},
}


@book{escudier2019dictionary,
	author = {Escudier, M. and Atkins, T.},
	year = {2019},
	publisher = {Oxford University Press},
	title = {A {Dictionary} of {Mechanical} {Engineering}},
}


@book{bbclaw,
	author = {{Backyard Brains}},
	year = {2025},
	title = {Controlling the {Claw}},
	url = {https://docs.backyardbrains.com/retired/experiments/MuscleSpikerShield_GripperHand},
	howpublished = {https://docs.backyardbrains.com/retired/experiments/MuscleSpikerShield\textunderscore{}GripperHand},
}


@inbook{ellis2012basics,
	author = {Ellis, G.},
	booktitle = {Control {System} {Design} {Guide}, 4th {Ed}.},
	year = {2012},
	pages = {313--349},
	publisher = {Butterworth-Heinemann},
	title = {Basics of the {Electric} {Servomotor} and {Drive}},
}


@article{panchal2013skeletal,
	author = {Panchal-Kildare, S. and Malone, K.},
	journal = {Hand Clinics},
	doi = {10.1016/j.hcl.2013.08.001},
	number = {4},
	year = {2013},
	pages = {459--471},
	title = {Skeletal anatomy of the hand},
	url = {https://doi.org/10.1016/j.hcl.2013.08.001},
	howpublished = {https://doi.org/10.1016/j.hcl.2013.08.001},
	volume = {29},
}


@inbook{openStax_bones,
	author = {Betts, J.G. and Young, K.A. and Wise, J.A. and Johnson, E. and Poe, B. and Kruse, D.H. and Korol, O. and Johnson, J.E. and Womble, M. and DeSaix, P.},
	booktitle = {Anatomy \& {Physiology}},
	year = {2022},
	publisher = {OpenStax},
	title = {Bone {Classification}},
	url = {https://openstax.org/books/anatomy-and-physiology-2e/pages/6-2-bone-classification},
}


@article{duncan2013biomechanics,
	author = {Duncan, S.F.M. and Saracevic, C.E. and Kakinoki, R.},
	journal = {Hand Clinics},
	doi = {10.1016/j.hcl.2013.08.003},
	number = {4},
	year = {2013},
	pages = {483--492},
	title = {Biomechanics of the hand},
	url = {https://doi.org/10.1016/j.hcl.2013.08.003},
	howpublished = {https://doi.org/10.1016/j.hcl.2013.08.003},
	volume = {29},
}


@article{Tavakoli_2015,
	author = {Tavakoli, Mahmoud and Batista, Rafael and Sgrigna, Lucio},
	journal = {Actuators},
	doi = {10.3390/act5010001},
	issn = {2076-0825},
	number = {1},
	year = {2015},
	month = {12},
	pages = {1},
	publisher = {MDPI AG},
	title = {The {UC} {Softhand}: Light {Weight} {Adaptive} {Bionic} {Hand} with a {Compact} {Twisted} {String} {Actuation} {System}},
	url = {http://dx.doi.org/10.3390/act5010001},
	volume = {5},
}


@book{tortora2018principles,
	author = {Tortora, G.J. and Derrickson, B.H.},
	year = {2017},
	publisher = {John wiley \& sons},
	title = {Principles of {Anatomy} /\& {Physiology}, 15th edition},
}


@inbook{ombregt2013applied,
	author = {Ombregt, L.},
	booktitle = {A {System} of {Orthopaedic} {Medicine}, 3rd {Ed}.},
	doi = {10.1016/B978-0-7020-3145-8.00072-7},
	year = {2013},
	pages = {e102--e111},
	publisher = {Elsevier Health Sciences},
	title = {Applied anatomy of the wrist, thumb and hand},
	url = {https://doi.org/10.1016/B978-0-7020-3145-8.00072-7},
}


@inbook{openStax_upper,
	author = {Betts, J.G. and Young, K.A. and Wise, J.A. and Johnson, E. and Poe, B. and Kruse, D.H. and Korol, O. and Johnson, J.E. and Womble, M. and DeSaix, P.},
	booktitle = {Anatomy \& {Physiology}},
	year = {2022},
	publisher = {OpenStax},
	title = {Muscles of the {Pectoral} {Girdle} and {Upper} {Limbs}},
	url = {https://openstax.org/books/anatomy-and-physiology-2e/pages/11-5-muscles-of-the-pectoral-girdle-and-upper-limbs},
}


@article{schreuders2007intrinsic,
	author = {Schreuders, T.A.R. and Brandsma, J.W. and Stam, H.J.},
	journal = {Physikalische Medizin, Rehabilitationsmedizin, Kurortmedizin},
	doi = {10.1055/s-2007-940011},
	number = {01},
	year = {2007},
	pages = {20--27},
	title = {The intrinsic muscles of the hand},
	url = {https://doi.org/10.1055/s-2007-940011},
	howpublished = {https://doi.org/10.1055/s-2007-940011},
	volume = {17},
}


@article{kirkendall1997function,
	author = {Kirkendall, D.T. and Garrett, W.E.},
	journal = {Scandinavian Journal of Medicine \& Science in Sports},
	doi = {10.1111/j.1600-0838.1997.tb00120.x},
	number = {2},
	year = {1997},
	pages = {62--66},
	title = {Function and biomechanics of tendons},
	url = {https://doi.org/10.1111/j.1600-0838.1997.tb00120.x},
	howpublished = {https://doi.org/10.1111/j.1600-0838.1997.tb00120.x},
	volume = {7},
}

