@misc{https://doi.org/10.5281/zenodo.4554420,
	author = {McKiernan, Erin C.},
	doi = {10.5281/ZENODO.4554420},
	year = {2021},
	publisher = {Zenodo},
	title = {emckiernan/electrophys: electrophys v1.0.1},
	url = {https://zenodo.org/record/4554420},
}


@article{McKiernan_2021,
	author = {McKiernan, Erin C. and Medina G{\' o}mez, Luc{\' i}a},
	journal = {F1000Research},
	doi = {10.12688/f1000research.51049.1},
	issn = {2046-1402},
	year = {2021},
	month = {3},
	pages = {187},
	publisher = {F1000 Research Ltd},
	title = {Building capacity through open approaches: Lessons from developing undergraduate electrophysiology practicals},
	url = {http://dx.doi.org/10.12688/f1000research.51049.1},
	volume = {10},
}


@article{McKiernan_2025,
	author = {McKiernan, Erin and Arancio, Julieta C. and Lara, Eunice Mercado and Tananbaum, Greg},
	doi = {10.31219/osf.io/j7qtp_v1},
	year = {2025},
	month = {7},
	publisher = {Center for Open Science},
	title = {Improving biomedical education in {Latin} {America} through open science hardware: A case study of one medical school in {Mexico}},
	url = {http://dx.doi.org/10.31219/osf.io/j7qtp_v1},
}

