@inbook{openStax_breathing,
	author = {Betts, J.G. and Young, K.A. and Wise, J.A. and Johnson, E. and Poe, B. and Kruse, D.H. and Korol, O. and Johnson, J.E. and Womble, M. and DeSaix, P.},
	booktitle = {Anatomy \& {Physiology}},
	year = {2022},
	publisher = {OpenStax},
	title = {The {Process} of {Breathing}},
	url = {https://openstax.org/books/anatomy-and-physiology-2e/pages/22-3-the-process-of-breathing},
}


@inbook{whited2023respir,
	author = {Whited L., Hashmi M.F., Graham D.D.},
	booktitle = {StatPearls [{Internet}]},
	year = {2023},
	publisher = {StatPearls Publishing},
	title = {Abnormal {Respirations}},
	url = {https://www.ncbi.nlm.nih.gov/books/NBK470309/},
}


@article{sieck2013mechanical,
	author = {Sieck, G.C. and Ferreira, L.F. and Reid, M.B. and Mantilla, C.B.},
	journal = {Comprehensive Physiology},
	doi = {10.1002/cphy.c130003},
	number = {4},
	year = {2013},
	pages = {1553},
	title = {Mechanical properties of respiratory muscles},
	url = {https://doi.org/10.1002/cphy.c130003},
	howpublished = {https://doi.org/10.1002/cphy.c130003},
	volume = {3},
}


@book{troyer1986action,
	author = {Troyer, A. and Loring, S.H.},
	doi = {10.1002/cphy.cp030326},
	year = {2011},
	pages = {443--461},
	publisher = {Wiley},
	title = {Action of the respiratory muscles},
	url = {https://doi.org/10.1002/cphy.cp030326},
}


@article{ratnovsky2008mechanics,
	author = {Ratnovsky, A. and Elad, D. and Halpern, P.},
	journal = {Respiratory Physiology \& Neurobiology},
	doi = {10.1016/j.resp.2008.04.019},
	number = {1-3},
	year = {2008},
	pages = {82--89},
	title = {Mechanics of respiratory muscles},
	url = {https://doi.org/10.1016/j.resp.2008.04.019},
	howpublished = {https://doi.org/10.1016/j.resp.2008.04.019},
	volume = {163},
}


@article{calderon2014excitation,
	author = {Calder{\' o}n, J.C. and Bola{\~ n}os, P. and Caputo, C.},
	journal = {Biophysical Reviews},
	doi = {10.1007/s12551-013-0135-x},
	year = {2014},
	pages = {133--160},
	title = {The excitation--contraction coupling mechanism in skeletal muscle},
	url = {https://doi.org/10.1007/s12551-013-0135-x},
	howpublished = {https://doi.org/10.1007/s12551-013-0135-x},
	volume = {6},
}


@article{garcia2011surface,
	author = {Cavalcanti Garcia, M.A. and Vieira, T.M.M.},
	journal = {Revista Andaluza de Medicina del Deporte},
	number = {1},
	year = {2011},
	pages = {17--28},
	title = {Surface electromyography: Why, when and how to use it},
	url = {https://www.redalyc.org/articulo.oa?id=323327665004},
	howpublished = {https://www.redalyc.org/articulo.oa?id=323327665004},
	volume = {4},
}


@inbook{sanchez2010respiratory,
	author = {S{\' a}nchez-Godoy, J.A.},
	booktitle = {Principles of {Pulmonary} {Protection} in {Heart} {Surgery}},
	doi = {10.1007/978-1-84996-308-4_2},
	editor = {Gabriel, E. and Salerno, T.},
	year = {2010},
	pages = {9--26},
	publisher = {Springer},
	title = {Respiratory {Physiology}},
	url = {https://doi.org/10.1007/978-1-84996-308-4_2},
}


@inbook{Schlegelmilch2011Pulmonary,
	author = {Schlegelmilch, Rolf M. and Kramme, R{\" u}diger},
	booktitle = {Springer {Handbook} of {Medical} {Technology}},
	doi = {10.1007/978-3-540-74658-4_8},
	issn = {9783540746577},
	year = {2011},
	pages = {95--117},
	publisher = {Springer Berlin Heidelberg},
	title = {Pulmonary {Function} {Testing}},
	url = {http://dx.doi.org/10.1007/978-3-540-74658-4_8},
}


@book{guyton2016book,
	address = {Philadelphia, Pennsylvania, USA},
	author = {Guyton, A.C. and Hall, J.E.},
	edition = {13},
	year = {2016},
	publisher = {Elsevier Saunders},
	title = {Textbook of {Medical} {Physiology}},
}

