@inbook{leversOLI,
	author = {{Open Learning Initiative}},
	booktitle = {Anatomy \& {Physiology}},
	year = {2016},
	publisher = {Carnegie Mellon University},
	title = {Levers and {Movement}},
	url = {https://oli.cmu.edu/jcourse/workbook/activity/page?context=df3c7cac0a0001dc63b5a789a1529c51},
}


@book{guyton2016book,
	address = {Philadelphia, Pennsylvania, USA},
	author = {Guyton, A.C. and Hall, J.E.},
	edition = {13},
	year = {2016},
	publisher = {Elsevier Saunders},
	title = {Textbook of {Medical} {Physiology}},
}


@inbook{openStax_lever,
	author = {Betts, J.G. and Young, K.A. and Wise, J.A. and Johnson, E. and Poe, B. and Kruse, D.H. and Korol, O. and Johnson, J.E. and Womble, M. and DeSaix, P.},
	booktitle = {Anatomy \& {Physiology} 2e},
	year = {2013},
	publisher = {OpenStax},
	title = {Interactions of {Skeletal} {Muscles}, {Their} {Fascicle} {Arrangement}, and {Their} {Lever} {Systems}},
	url = {https://openstax.org/books/anatomy-and-physiology/pages/11-3-axial-muscles-of-the-head-neck-and-back},
}


@inbook{openStax_axial,
	author = {Betts, J.G. and Young, K.A. and Wise, J.A. and Johnson, E. and Poe, B. and Kruse, D.H. and Korol, O. and Johnson, J.E. and Womble, M. and {P. DeSaix}},
	booktitle = {Anatomy \& {Physiology}},
	year = {2013},
	publisher = {OpenStax},
	title = {Axial {Muscles} of the {Head}, {Neck}, and {Back}},
	url = {https://openstax.org/books/anatomy-and-physiology/pages/11-3-axial-muscles-of-the-head-neck-and-back},
}


@inbook{openStax_lower,
	author = {Betts, J.G. and Young, K.A. and Wise, J.A. and Johnson, E. and Poe, B. and Kruse, D.H. and Korol, O. and Johnson, J.E. and Womble, M. and DeSaix, P.},
	booktitle = {Anatomy \& {Physiology}},
	year = {2013},
	publisher = {OpenStax},
	title = {Bones of the {Lower} {Limb}},
	url = {https://openstax.org/books/anatomy-and-physiology/pages/8-4-bones-of-the-lower-limb},
}


@inbook{openStax_limbs,
	author = {Betts, J.G. and Young, K.A. and Wise, J.A. and Johnson, E. and Poe, B. and Kruse, D.H. and Korol, O. and Johnson, J.E. and Womble, M. and DeSaix, P.},
	booktitle = {Anatomy \& {Physiology}},
	year = {2013},
	publisher = {OpenStax},
	title = {Appendicular {Muscles} of the {Pelvic} {Girdle} and {Lower} {Limbs}},
	url = {https://openstax.org/books/anatomy-and-physiology/pages/11-6-appendicular-muscles-of-the-pelvic-girdle-and-lower-limbs},
}


@inbook{openStax_muscle,
	author = {Betts, J.G. and Young, K.A. and Wise, J.A. and Johnson, E. and Poe, B. and Kruse, D.H. and Korol, O. and Johnson, J.E. and Womble, M. and DeSaix, P.},
	booktitle = {Anatomy \& {Physiology}},
	year = {2013},
	publisher = {OpenStax},
	title = {Skeletal {Muscle}},
	url = {https://openstax.org/books/anatomy-and-physiology/pages/10-2-skeletal-muscle},
}


@article{Rall2018What,
	author = {Rall, Jack A.},
	journal = {Advances in Physiology Education},
	doi = {10.1152/advan.00152.2018},
	issn = {1043-4046},
	number = {4},
	year = {2018},
	month = {dec 1},
	pages = {672--684},
	title = {What makes skeletal muscle striated? {Discoveries} in the endosarcomeric and exosarcomeric cytoskeleton},
	url = {http://dx.doi.org/10.1152/advan.00152.2018},
	howpublished = {http://dx.doi.org/10.1152/advan.00152.2018},
	volume = {42},
}


@article{granzier2006giant,
	author = {Granzier, H.L. and Labeit, S.},
	journal = {Exercise and Sport Sciences Reviews},
	number = {2},
	year = {2006},
	pages = {50--53},
	title = {The giant muscle protein titin is an adjustable molecular spring},
	volume = {34},
}


@inbook{openStax_contraction,
	author = {Betts, J.G. and Young, K.A. and Wise, J.A. and Johnson, E. and Poe, B. and Kruse, D.H. and Korol, O. and Johnson, J.E. and Womble, M. and DeSaix, P.},
	booktitle = {Anatomy \& {Physiology}},
	year = {2013},
	publisher = {OpenStax},
	title = {Muscle {Fiber} {Contraction} and {Relaxation}},
	url = {https://openstax.org/books/anatomy-and-physiology/pages/10-3-muscle-fiber-contraction-and-relaxation},
}


@inbook{openStax_neuro,
	author = {Betts, J.G. and Young, K.A. and Wise, J.A. and Johnson, E. and Poe, B. and Kruse, D.H. and Korol, O. and Johnson, J.E. and Womble, M. and DeSaix, P.},
	booktitle = {Anatomy \& {Physiology}},
	year = {2013},
	publisher = {OpenStax},
	title = {Nervous {System} {Control} of {Muscle} {Tension}},
	url = {https://openstax.org/books/anatomy-and-physiology/pages/10-4-nervous-system-control-of-muscle-tension},
}


@inbook{schneider2012skeletal,
	author = {Schneider, M.F. and Hern{\' a}ndez-Ochoa, E.O.},
	booktitle = {Muscle: Fundamental {Biology} and {Mechanisms} of {Disease}},
	year = {2012},
	pages = {811--821},
	publisher = {Elsevier},
	title = {Skeletal {Muscle} {Excitation}--{Contraction} {Coupling}},
	volume = {2},
}


@article{garcia2011surface,
	author = {Cavalcanti Garcia, M.A. and Vieira, T.M.M.},
	journal = {Revista Andaluza de Medicina del Deporte},
	number = {1},
	year = {2011},
	pages = {17--28},
	title = {Surface electromyography: Why, when and how to use it},
	url = {https://www.redalyc.org/articulo.oa?id=323327665004},
	howpublished = {https://www.redalyc.org/articulo.oa?id=323327665004},
	volume = {4},
}


@book{spikeRecorder,
	author = {Lazarevic, John},
	year = {2020},
	title = {Spike {Recorder} for {PC}/{Mac}/{Linux}},
	url = {https://help.backyardbrains.com/support/solutions/articles/43000607420-spike-recorder-for-pc-mac-linux},
	howpublished = {https://help.backyardbrains.com/support/solutions/articles/43000607420-spike-recorder-for-pc-mac-linux},
}

