@article{rassier2017sarcomere,
	author = {Rassier, D.E.},
	journal = {American Journal of Physiology-Cell Physiology},
	number = {2},
	year = {2017},
	pages = {C134--C145},
	title = {Sarcomere mechanics in striated muscles: from molecules to sarcomeres to cells},
	volume = {313},
}


@article{Rassier2025Mechanisms,
	author = {Rassier, Dilson E. and M{\r a}nsson, Alf},
	journal = {Physiological Reviews},
	doi = {10.1152/physrev.00014.2023},
	issn = {0031-9333},
	number = {1},
	year = {2025},
	month = {jan 1},
	pages = {1--93},
	title = {Mechanisms of myosin {II} force generation: insights from novel experimental techniques and approaches},
	url = {http://dx.doi.org/10.1152/physrev.00014.2023},
	howpublished = {http://dx.doi.org/10.1152/physrev.00014.2023},
	volume = {105},
}


@inbook{openStax_neuro,
	author = {Betts, J.G. and Young, K.A. and Wise, J.A. and Johnson, E. and Poe, B. and Kruse, D.H. and Korol, O. and Johnson, J.E. and Womble, M. and DeSaix, P.},
	booktitle = {Anatomy \& {Physiology}},
	year = {2013},
	publisher = {OpenStax},
	title = {Nervous {System} {Control} of {Muscle} {Tension}},
	url = {https://openstax.org/books/anatomy-and-physiology/pages/10-4-nervous-system-control-of-muscle-tension},
}


@article{Mendell2005size,
	author = {Mendell, Lorne M.},
	journal = {Journal of Neurophysiology},
	doi = {10.1152/classicessays.00025.2005},
	issn = {0022-3077},
	number = {6},
	year = {2005},
	month = {6},
	pages = {3024--3026},
	title = {The size principle: a rule describing the recruitment of motoneurons},
	url = {http://dx.doi.org/10.1152/classicessays.00025.2005},
	howpublished = {http://dx.doi.org/10.1152/classicessays.00025.2005},
	volume = {93},
}


@article{enoka2017rate,
	author = {Enoka, R.M. and Duchateau, J.},
	journal = {Cold Spring Harbor Perspectives in Medicine},
	doi = {10.1101/cshperspect.a029702},
	number = {10},
	year = {2017},
	pages = {a029702},
	title = {Rate coding and the control of muscle force},
	url = {https://doi.org/10.1101/cshperspect.a029702},
	howpublished = {https://doi.org/10.1101/cshperspect.a029702},
	volume = {7},
}


@inbook{heckman2004physiology,
	author = {Heckman, C.J. and Enoka, R.M.},
	booktitle = {Handbook of {Clinical} {Neurophysiology}},
	doi = {10.1016/S1567-4231(04)04006-7},
	editor = {Eisen, A.},
	year = {2004},
	pages = {119--147},
	publisher = {Elsevier},
	title = {Physiology of the motor neuron and the motor unit},
	url = {https://doi.org/10.1016/S1567-4231(04)04006-7},
	volume = {4},
}


@inproceedings{Manr_quez_2017,
	author = {Manr{\' i}quez, Rodrigo and Peterson, Sean D. and Prado, Pavel and Orio, Patricio and Za{\~ n}artu, Mat{\' i}as},
	series = {interspeech\textunderscore{}2017},
	booktitle = {Interspeech 2017},
	doi = {10.21437/interspeech.2017-1722},
	year = {2017},
	month = {8},
	pages = {1378--1382},
	organization = {ISCA},
	title = {Modeling {Laryngeal} {Muscle} {Activation} {Noise} for {Low}-{Order} {Physiological} {Based} {Speech} {Synthesis}},
	url = {http://dx.doi.org/10.21437/Interspeech.2017-1722},
}


@inbook{openStax_upper,
	author = {Betts, J.G. and Young, K.A. and Wise, J.A. and Johnson, E. and Poe, B. and Kruse, D.H. and Korol, O. and Johnson, J.E. and Womble, M. and DeSaix, P.},
	booktitle = {Anatomy \& {Physiology}},
	year = {2022},
	publisher = {OpenStax},
	title = {Muscles of the {Pectoral} {Girdle} and {Upper} {Limbs}},
	url = {https://openstax.org/books/anatomy-and-physiology-2e/pages/11-5-muscles-of-the-pectoral-girdle-and-upper-limbs},
}


@inbook{mitchell2023forearm,
	author = {Mitchell, B. and Whited, L.},
	booktitle = {StatPearls [{Internet}]},
	year = {2023},
	publisher = {StatPearls Publishing},
	title = {Anatomy, {Shoulder} and {Upper} {Limb}, {Forearm} {Muscles}},
	url = {https://www.ncbi.nlm.nih.gov/books/NBK536975/},
}


@book{physicsBook,
	author = {{Texas Education Agency}},
	year = {2020},
	publisher = {OpenStax},
	title = {Physics: High {School}},
	url = {https://openstax.org/details/books/physics},
}


@book{serway2000physics,
	author = {Serway, R.A. and Jewett, J.W.},
	year = {2004},
	publisher = {Thomson Brooks/Cole},
	title = {Physics for {Scientists} and {Engineers}, 6th {Ed}.},
}


@book{levangie2011joint,
	author = {Levangie, P.K. and Norkin, C.C.},
	year = {2011},
	publisher = {FA Davis},
	title = {Joint structure and {Function}: A comprehensive analysis},
}


@article{kolber2005strength,
	author = {Kolber, M.J. and Cleland, J.A.},
	journal = {Physical Therapy Reviews},
	doi = {10.1179/108331905X55730},
	number = {2},
	year = {2005},
	pages = {99--112},
	title = {Strength testing using hand-held dynamometry},
	url = {https://doi.org/10.1179/108331905X55730},
	howpublished = {https://doi.org/10.1179/108331905X55730},
	volume = {10},
}


@article{mendoza2014muscle,
	author = {Mendoza, M. and Miller, R.G.},
	journal = {Encyclopedia of the Neurological Sciences},
	doi = {10.1016/B978-0-12-385157-4.00670-9},
	year = {2014},
	pages = {190--193},
	title = {Muscle {Strength}, {Assessment} of},
	url = {https://doi.org/10.1016/B978-0-12-385157-4.00670-9},
	howpublished = {https://doi.org/10.1016/B978-0-12-385157-4.00670-9},
	volume = {3},
}


@article{bergeron2024pressure,
	author = {Bergeron, V. and Kajganic, P.},
	journal = {Sensors},
	doi = {10.3390/s24175768},
	number = {17},
	year = {2024},
	pages = {5768},
	title = {Pressure {Sensors} for {Evaluating} {Hand} {Grasp} and {Pinch}},
	url = {https://doi.org/10.3390/s24175768},
	howpublished = {https://doi.org/10.3390/s24175768},
	volume = {24},
}

