@book{levangie2011joint,
	author = {Levangie, P.K. and Norkin, C.C.},
	year = {2011},
	publisher = {FA Davis},
	title = {Joint structure and {Function}: A comprehensive analysis},
}


@inbook{openStax_joints,
	author = {Betts, J.G. and Young, K.A. and Wise, J.A. and Johnson, E. and Poe, B. and Kruse, D.H. and Korol, O. and Johnson, J.E. and Womble, M. and DeSaix, P.},
	booktitle = {Anatomy \& {Physiology}},
	year = {2022},
	publisher = {OpenStax},
	title = {Synovial {Joints}},
	url = {https://openstax.org/books/anatomy-and-physiology-2e/pages/9-4-synovial-joints},
}


@inbook{musculoskeletal,
	author = {Richards, J. and Chohan, A. and R, Erande},
	booktitle = {Musculoskeletal {Key}},
	year = {2017},
	title = {Biomechanics},
	url = {https://musculoskeletalkey.com/biomechanics-2/},
	howpublished = {https://musculoskeletalkey.com/biomechanics-2/},
}


@inbook{openStax_movements,
	author = {Betts, J.G. and Young, K.A. and Wise, J.A. and Johnson, E. and Poe, B. and Kruse, D.H. and Korol, O. and Johnson, J.E. and Womble, M. and DeSaix, P.},
	booktitle = {Anatomy \& {Physiology} 2e},
	year = {2022},
	publisher = {OpenStax},
	title = {Types of {Body} {Movements}},
	url = {https://openstax.org/books/anatomy-and-physiology-2e/pages/9-5-types-of-body-movements},
}


@inbook{cardoso2023activity,
	author = {Cardoso, F.A. and Gasparik, A.},
	booktitle = {Behaviour in {Our} {Bones}: How {Human} {Behaviour} {Influences} {Skeletal} {Morphology}},
	doi = {10.1016/B978-0-12-821383-4.00003-6},
	editor = {Hirst, C.S. and Gilmour, R.J. and Plomp, K.A. and Cardoso, F.A.},
	year = {2023},
	pages = {73--107},
	title = {Activity and the shoulder: From soft tissues to bare bones},
	url = {https://doi.org/10.1016/B978-0-12-821383-4.00003-6},
	howpublished = {https://doi.org/10.1016/B978-0-12-821383-4.00003-6},
}


@article{erdogan2023evaluation,
	author = {Erdogan, K. and Bakirci, S.},
	journal = {Medicine Science},
	doi = {10.5455/medscience.2022.12.267},
	number = {1},
	year = {2023},
	title = {Evaluation of the abduction angles between hand fingers},
	url = {https://doi.org/10.5455/medscience.2022.12.267},
	howpublished = {https://doi.org/10.5455/medscience.2022.12.267},
	volume = {12},
}


@article{Gionfrida_2022,
	author = {Gionfrida, Letizia and Rusli, Wan M. R. and Bharath, Anil A. and Kedgley, Angela E.},
	journal = {PLOS ONE},
	doi = {10.1371/journal.pone.0276799},
	editor = {Federolf, Peter Andreas},
	issn = {1932-6203},
	number = {11},
	year = {2022},
	month = {11},
	pages = {e0276799},
	publisher = {Public Library of Science (PLoS)},
	title = {Validation of two-dimensional video-based inference of finger kinematics with pose estimation},
	url = {http://dx.doi.org/10.1371/journal.pone.0276799},
	volume = {17},
}


@article{dvir1978shoulder,
	author = {Dvir, Z. and Berme, N.},
	journal = {Journal of Biomechanics},
	doi = {10.1016/0021-9290(78)90047-7},
	number = {5},
	year = {1978},
	pages = {219--225},
	title = {The shoulder complex in elevation of the arm: a mechanism approach},
	url = {https://doi.org/10.1016/0021-9290(78)90047-7},
	howpublished = {https://doi.org/10.1016/0021-9290(78)90047-7},
	volume = {11},
}


@article{cowan2023back,
	author = {Cowan P.T., Mudreac A., Varacallo M.A.},
	journal = {StatPearls [Internet]},
	year = {2023},
	title = {Anatomy, {Back}, {Scapula}},
	url = {https://www.ncbi.nlm.nih.gov/books/NBK531475/},
	howpublished = {https://www.ncbi.nlm.nih.gov/books/NBK531475/},
}


@book{tortora2018principles,
	author = {Tortora, G.J. and Derrickson, B.H.},
	year = {2017},
	publisher = {John wiley \& sons},
	title = {Principles of {Anatomy} /\& {Physiology}, 15th edition},
}


@inbook{openStax_lever,
	author = {Betts, J.G. and Young, K.A. and Wise, J.A. and Johnson, E. and Poe, B. and Kruse, D.H. and Korol, O. and Johnson, J.E. and Womble, M. and DeSaix, P.},
	booktitle = {Anatomy \& {Physiology} 2e},
	year = {2013},
	publisher = {OpenStax},
	title = {Interactions of {Skeletal} {Muscles}, {Their} {Fascicle} {Arrangement}, and {Their} {Lever} {Systems}},
	url = {https://openstax.org/books/anatomy-and-physiology/pages/11-3-axial-muscles-of-the-head-neck-and-back},
}


@inbook{mansfield2019structure,
	author = {Mansfield, P.J. and Neumann, D.A.},
	booktitle = {Essentials of {Kinesiology} for the {Physical} {Therapist} {Assistant}},
	year = {2019},
	pages = {91--119},
	publisher = {Mosby},
	title = {Structure and {Function} of the {Elbow} and {Forearm} {Complex}},
}


@article{plantz2023back,
	author = {Plantz M.A., Bordoni B.},
	journal = {StatPearls [Internet]},
	year = {2023},
	title = {Anatomy, {Shoulder} and {Upper} {Limb}, {Brachialis} {Muscle}},
	url = {https://www.ncbi.nlm.nih.gov/books/NBK551630/},
	howpublished = {https://www.ncbi.nlm.nih.gov/books/NBK551630/},
}

