@inbook{schneider2012skeletal,
	author = {Schneider, M.F. and Hern{\' a}ndez-Ochoa, E.O.},
	booktitle = {Muscle: Fundamental {Biology} and {Mechanisms} of {Disease}},
	year = {2012},
	pages = {811--821},
	publisher = {Elsevier},
	title = {Skeletal {Muscle} {Excitation}--{Contraction} {Coupling}},
	volume = {2},
}


@inbook{openStax_muscle,
	author = {Betts, J.G. and Young, K.A. and Wise, J.A. and Johnson, E. and Poe, B. and Kruse, D.H. and Korol, O. and Johnson, J.E. and Womble, M. and DeSaix, P.},
	booktitle = {Anatomy \& {Physiology}},
	year = {2013},
	publisher = {OpenStax},
	title = {Skeletal {Muscle}},
	url = {https://openstax.org/books/anatomy-and-physiology/pages/10-2-skeletal-muscle},
}


@article{Dideriksen2013Motor,
	author = {Dideriksen, Jakob L. and Farina, Dario},
	journal = {The Journal of Physiology},
	doi = {10.1113/jphysiol.2013.262477},
	issn = {0022-3751},
	number = {24},
	year = {2013},
	month = {nov 25},
	pages = {6139--6156},
	title = {Motor unit recruitment by size does not provide functional advantages for motor performance},
	url = {http://dx.doi.org/10.1113/jphysiol.2013.262477},
	howpublished = {http://dx.doi.org/10.1113/jphysiol.2013.262477},
	volume = {591},
}


@inbook{Weinberger2010,
	author = {Weinberger, M. and Dostrovsky, J.O.},
	booktitle = {Encyclopedia of {Movement} {Disorders}},
	doi = {10.1016/B978-0-12-374105-9.00486-X},
	year = {2010},
	pages = {204--206},
	publisher = {Elsevier},
	title = {Motor {Unit}},
	url = {https://doi.org/10.1016/B978-0-12-374105-9.00486-X},
}


@inbook{tong2024anatomy,
	author = {Tong, J. and Lopez, M.J. and Fakoya, A.O. and Patel, B.C.},
	booktitle = {StatPearls [{Internet}]},
	year = {2024},
	publisher = {StatPearls Publishing},
	title = {Anatomy, {Head} and {Neck}: Orbicularis {Oculi} {Muscle}},
	url = {https://www.ncbi.nlm.nih.gov/books/NBK441907/},
}


@article{Mendell2005size,
	author = {Mendell, Lorne M.},
	journal = {Journal of Neurophysiology},
	doi = {10.1152/classicessays.00025.2005},
	issn = {0022-3077},
	number = {6},
	year = {2005},
	month = {6},
	pages = {3024--3026},
	title = {The size principle: a rule describing the recruitment of motoneurons},
	url = {http://dx.doi.org/10.1152/classicessays.00025.2005},
	howpublished = {http://dx.doi.org/10.1152/classicessays.00025.2005},
	volume = {93},
}


@inbook{biga,
	author = {Biga, L.M. and Bronson, S. and Dawson, S. and Harwell, A. and Hopkins, R. and Kaufmann, J. and LeMaster, M. and Matern, P. and Morrison-Graham, K. and Oja, K. and Quick, D. and Runyeon, J.},
	booktitle = {Anatomy \& {Physiology}},
	year = {2019},
	publisher = {Oregon State University},
	title = {10.5 {Types} of {Muscle} {Fibers}},
	url = {https://open.oregonstate.education/aandp/chapter/10-5-types-of-muscle-fibers/},
}


@inbook{biava,
	author = {Biava, H.D.},
	booktitle = {Brevard {College} {CHE} 301: Biochemistry},
	year = {2024},
	publisher = {LibreTexts},
	title = {8.7: Energy yield by complete oxidation of glucose},
	url = {https://chem.libretexts.org/Courses/Brevard_College/CHE_301_Biochemistry/08:_Metabolism_of_carbohydrates/8.07:_Energy_yield_by_complete_oxidation_of_glucose},
}


@article{enoka2008muscle,
	author = {Enoka, R.M. and Duchateau, J.},
	journal = {The Journal of Physiology},
	doi = {10.1113/jphysiol.2007.139477},
	number = {1},
	year = {2008},
	pages = {11--23},
	title = {Muscle fatigue: what, why and how it influences muscle function},
	url = {https://doi.org/10.1113/jphysiol.2007.139477},
	howpublished = {https://doi.org/10.1113/jphysiol.2007.139477},
	volume = {586},
}


@inbook{georgiou2017microelectronics,
	author = {Georgiou, P. and Koutsos, E.},
	booktitle = {CMOS {Circuits} for {Biological} {Sensing} and {Processing}},
	doi = {10.1007/978-3-319-67723-1_6},
	year = {2017},
	pages = {133--162},
	publisher = {Springer},
	title = {Microelectronics for muscle fatigue monitoring through surface {EMG}},
	url = {https://doi.org/10.1007/978-3-319-67723-1_6},
}


@article{taylor2016neural,
	author = {Taylor, J.L. and Amann, M. and Duchateau, J. and Meeusen, R. and Rice, C.L.},
	journal = {Medicine \& Science in Sports \& Exercise},
	number = {11},
	year = {2016},
	pages = {2294},
	title = {Neural contributions to muscle fatigue: from the brain to the muscle and back again},
	volume = {48},
}


@inbook{natali,
	author = {Natali, A.L. and Reddy, V. and Bordoni, B.},
	booktitle = {StatPearls [{Internet}]},
	year = {2023},
	publisher = {StatPearls Publishing},
	title = {Neuroanatomy, {Corticospinal} {Cord} {Tract}},
	url = {https://www.ncbi.nlm.nih.gov/books/NBK535423/},
}


@article{heckman2012motor,
	author = {Heckman, C.J. and Enoka, R.M.},
	journal = {Comprehensive Physiology},
	doi = {10.1002/cphy.c100087},
	number = {4},
	year = {2012},
	pages = {2629--2682},
	title = {Motor unit},
	url = {https://doi.org/10.1002/cphy.c100087},
	howpublished = {https://doi.org/10.1002/cphy.c100087},
}


@article{gandevia2001spinal,
	author = {Gandevia, S.C.},
	journal = {Physiological Reviews},
	doi = {10.1152/physrev.2001.81.4.1725},
	number = {4},
	year = {2001},
	pages = {1725--1789},
	title = {Spinal and supraspinal factors in human muscle fatigue},
	url = {https://doi.org/10.1152/physrev.2001.81.4.1725},
	howpublished = {https://doi.org/10.1152/physrev.2001.81.4.1725},
	volume = {81},
}


@inbook{openStax_neuro,
	author = {Betts, J.G. and Young, K.A. and Wise, J.A. and Johnson, E. and Poe, B. and Kruse, D.H. and Korol, O. and Johnson, J.E. and Womble, M. and DeSaix, P.},
	booktitle = {Anatomy \& {Physiology}},
	year = {2013},
	publisher = {OpenStax},
	title = {Nervous {System} {Control} of {Muscle} {Tension}},
	url = {https://openstax.org/books/anatomy-and-physiology/pages/10-4-nervous-system-control-of-muscle-tension},
}


@article{faulkner2003terminology,
	author = {Faulkner, J.A.},
	journal = {Journal of Applied Physiology},
	doi = {10.1152/japplphysiol.00280.2003},
	number = {2},
	year = {2003},
	pages = {455--459},
	title = {Terminology for contractions of muscles during shortening, while isometric, and during lengthening},
	url = {https://doi.org/10.1152/japplphysiol.00280.2003},
	howpublished = {https://doi.org/10.1152/japplphysiol.00280.2003},
	volume = {95},
}


@inbook{radak2018physiology,
	author = {Rad{\' a}k, Z.},
	booktitle = {The {Physiology} of {Physical} {Training}},
	year = {2018},
	publisher = {Academic Press},
	title = {Skeletal {Muscle}, {Function}, and {Muscle} {Fiber} {Types}},
}


@inbook{feher2017quantitative,
	author = {Feher, J.J.},
	booktitle = {Quantitative {Human} {Physiology}: An {Introduction}},
	doi = {10.1016/B978-0-12-800883-6.00027-6},
	year = {2017},
	publisher = {Academic Press},
	title = {Skeletal {Muscle} {Mechanics}},
	url = {https://doi.org/10.1016/B978-0-12-800883-6.00027-6},
}

